@book{sakarovitch_2009, 
    place={Cambridge}, 
    title={Elements of Automata Theory}, 
    DOI={10.1017/CBO9781139195218}, 
    publisher={Cambridge University Press}, 
    author={Sakarovitch, Jacques}, 
    editor={Thomas, ReubenTranslator}, 
    year={2009}
}

@book{hopcroft_1979,
    author    = {John E. Hopcroft and Jeffrey D. Ullman},
    title     = {Introduction to Automata Theory, Languages and Computation},
    publisher = {Addison-Wesley},
    year      = {1979},
    isbn      = {0-201-02988-X},
    timestamp = {Thu, 03 Jan 2002 11:51:07 +0100},
    biburl    = {https://dblp.org/rec/books/aw/HopcroftU79.bib},
    bibsource = {dblp computer science bibliography, https://dblp.org}
}

@book{kfoury_1982,
    author    = {Assaf J. Kfoury and Robert N. Moll and Michael A. Arbib},
    title     = {A Programming Approach to Computability},
    series    = {Texts and Monographs in Computer Science},
    publisher = {Springer},
    year      = {1982},
    url       = {https://doi.org/10.1007/978-1-4612-5749-3},
    doi       = {10.1007/978-1-4612-5749-3},
    isbn      = {978-1-4612-5751-6},
    timestamp = {Tue, 16 May 2017 01:00:00 +0200},
    biburl    = {https://dblp.org/rec/series/mcs/KfouryMA82.bib},
    bibsource = {dblp computer science bibliography, https://dblp.org}
}

@online{complexity_zoo,
    author={Scott Aaronson and Chris Bourke},
    title = "The Complexity Zoo",
    year = "2008",
    url = "https://complexityzoo.net/Complexity_Zoo",
    note = "[Online; accessed 2022-01-24]"
}

@book{arora_2009,
  title={Computational Complexity: A Modern Approach},
  author={Arora, S. and Barak, B.},
  isbn={9781139477369},
  url={https://books.google.it/books?id=nGvI7cOuOOQC},
  year={2009},
  publisher={Cambridge University Press}
}
